<record><leader>00000cas a2200000 a 4500</leader><controlfield tag="001">37448608</controlfield><controlfield tag="008">970811d18911944oruwr ne      0    0eng c</controlfield><datafield ind1=" " ind2=" " tag="010"><subfield code="a">sn 96088025 </subfield></datafield><datafield ind1=" " ind2=" " tag="040"><subfield code="a">OCN</subfield><subfield code="b">eng</subfield><subfield code="c">OCN</subfield><subfield code="d">OCLCQ</subfield><subfield code="d">OCLCO</subfield></datafield><datafield ind1="1" ind2=" " tag="029"><subfield code="a">AU@</subfield><subfield code="b">000013446205</subfield></datafield><datafield ind1=" " ind2=" " tag="042"><subfield code="a">pcc</subfield></datafield><datafield ind1=" " ind2=" " tag="043"><subfield code="a">n-us-or</subfield></datafield><datafield ind1="0" ind2=" " tag="130"><subfield code="a">Sun (Marshfield, Or.)</subfield></datafield><datafield ind1="1" ind2="4" tag="245"><subfield code="a">The Sun.</subfield></datafield><datafield ind1="1" ind2="7" tag="246"><subfield code="a">Marshfield sun</subfield></datafield><datafield ind1=" " ind2=" " tag="260"><subfield code="a">Marshfield, Coos County, Or. :</subfield><subfield code="b">Sun Pub. Co.,</subfield><subfield code="c">1891-</subfield></datafield><datafield ind1=" " ind2=" " tag="300"><subfield code="a">v.</subfield></datafield><datafield ind1=" " ind2=" " tag="310"><subfield code="a">Weekly</subfield></datafield><datafield ind1="0" ind2=" " tag="362"><subfield code="a">Vol. 1, no. 1 (Feb. 12, 1891)-</subfield></datafield><datafield ind1="1" ind2=" " tag="362"><subfield code="a">Ceased in 1944.</subfield></datafield><datafield ind1=" " ind2=" " tag="515"><subfield code="a">Special edition, Jan. 1901, called: Marshfield Sun.</subfield></datafield><datafield ind1=" " ind2=" " tag="588"><subfield code="a">Latest issue consulted: Vol. 54, no. 19 (June 15, 1944).</subfield></datafield><datafield ind1=" " ind2="0" tag="651"><subfield code="a">Marshfield (Or.)</subfield><subfield code="v">Newspapers.</subfield></datafield><datafield ind1=" " ind2="0" tag="651"><subfield code="a">Coos County (Or.)</subfield><subfield code="v">Newspapers.</subfield></datafield><datafield ind1=" " ind2=" " tag="752"><subfield code="a">United States</subfield><subfield code="b">Oregon</subfield><subfield code="c">Coos</subfield><subfield code="d">Coos Bay.</subfield></datafield></record>